@Misc{bib:oat,
  howpublished = {Режим доступа: {URL: https://oatpp.io}},
  note         = {(дата обращения: 01.05.2024)},
  title        = {OAT++ [Электронный ресурс]},
}

@Misc{bib:postgres,
  howpublished = {Режим доступа: {URL: https://www.postgresql.org/}},
  note         = {(дата обращения:03.05.2024)},
  title        = {PostgreSQL [Электронный ресурс]},
}

@Misc{bib:react,
  howpublished = {Режим доступа: {https://reactjs.org/}},
  note         = {(дата обращения: 07.05.2024)},
  title        = {React: A JavaScript library for building user interfaces [Электронный ресурс]},
}

@Misc{bib:typescript,
  howpublished = {Режим доступа: {URL: https://www.typescriptlang.org/}},
  note         = {(дата обращения:08.05.2024)},
  title        = {TypeScript [Электронный ресурс]},
}

@Misc{bib:openidconnect,
  howpublished = {Режим доступа: {URL: https://openid.net}},
  note         = {(дата обращения:10.05.2024)},
  title        = {OpenID Connect [Электронный ресурс]},
}

@Misc{bib:jwt,
  howpublished = {Режим доступа: {URL: https://jwt.io/}},
  note         = {(дата обращения:02.05.2024)},
  title        = {JSON Web Token  [Электронный ресурс]},

}


@Comment{jabref-meta: databaseType:bibtex;}
